% BibTeX database for the MSc_Thesis.tex

%%%%%%%%%%%%%%%%%%%%%%%%%%%%%%%%%%%%%%%%%%%%%%%%%%%%%%%%%%
% TEMPLATES
%%%%%%%%%%%%%%%%%%%%%%%%%%%%%%%%%%%%%%%%%%%%%%%%%%%%%%%%%%

%%%%% An article from a journal or magazine.
%
%article{
%  % Required fields:
%  author  = {},
%  title   = {},
%  journal = {},
%  year    = {},
%  % Optional fields:
%  volume  = {},
%  number  = {},
%  pages   = {},
%  month   = {},
%  note    = {}
%}
%
%%%%% A book with an explicit publisher.
%
%book{
%  % Required fields:
%  author    = {}, % or editor
%  editor    = {},
%  title     = {},
%  publisher = {},
%  year      = {},
%  % Optional fields:
%  volume    = {},
%  number    = {},
%  series    = {},
%  address   = {},
%  edition   = {},
%  month     = {},
%  note      = {}
%}
%
%%%%% A work that is printed and bound, but without a named publisher or sponsoring institution.
%
%booklet{
%  % Required field:
%  title        = {},
%  % Optional fields:
%  author       = {},
%  howpublished = {},
%  address      = {},
%  month        = {},
%  year         = {},
%  note         = {}
%}
%
%%%%% The same as INPROCEEDINGS}, included for Scribe compatibility.
%
%conference{
%}
%
%%%%% A part of a book, which may be a chapter (or section or whatever) and/or a range of pages.
%
%inbook{
%  % Required fields:
%  author    = {}, % or editor
%  editor    = {},
%  title     = {},
%  chapter   = {}, % and/or pages
%  pages     = {},
%  publisher = {},
%  year      = {},
%  % Optional fields:
%  volume    = {}, % or number
%  number    = {},
%  series    = {},
%  type      = {},
%  address   = {},
%  edition   = {},
%  month     = {},
%  note      = {}
%}
%
%%%%% A part of a book having its own title.
%
%incollection{
%  % Required fields:
%  author    = {},
%  title     = {},
%  booktitle = {},
%  publisher = {},
%  year      = {},
%  % Optional fields:
%  editor    = {},
%  volume    = {}, % or number
%  number    = {},
%  series    = {},
%  type      = {},
%  chapter   = {},
%  pages     = {},
%  address   = {},
%  edition   = {},
%  month     = {},
%  note      = {}
%}
%
%%%%% An article in a conference proceedings.
%
%inproceedings{
%  % Required fields:
%  author       = {},
%  title        = {},
%  booktitle    = {},
%  year         = {},
%  % Optional fields:
%  editor       = {},
%  volume       = {}, % or number
%  number       = {},
%  series       = {},
%  pages        = {},
%  address      = {},
%  month        = {},
%  organization = {},
%  publisher    = {},
%  note         = {}
%}
%
%%%%% Technical documentation.
%
%manual{
%  % Required field:
%  title        = {},
%  % Optional fields:
%  author       = {},
%  organization = {},
%  address      = {},
%  edition      = {},
%  month        = {},
%  year         = {},
%  note         = {}
%}
%
%%%%% A Master's thesis.
%
%mastersthesis{
%  % Required fields:
%  author  = {},
%  title   = {},
%  school  = {},
%  year    = {},
%  % Optional fields:
%  type    = {},
%  address = {},
%  month   = {},
%  note    = {}
%}
%
%%%%% Use this type when nothing else fits.
%
%misc{
%  % Required fields: none.
%  % Optional fields:
%  author       = {},
%  title        = {},
%  howpublished = {},
%  month        = {},
%  year         = {},
%  note         = {}
%}
%
%%%%% A PhD thesis.
%
%phdthesis{
%  % Required fields:
%  author  = {},
%  title   = {},
%  school  = {},
%  year    = {},
%  % Optional fields:
%  type    = {},
%  address = {},
%  month   = {},
%  note    = {}
%}
%
%%%%% The proceedings of a conference.
%
%proceedings{
%  % Required fields:
%  title        = {},
%  year         = {},
%  % Optional fields:
%  editor       = {},
%  volume       = {}, % or number
%  number       = {},
%  series       = {},
%  address      = {},
%  month        = {},
%  organization = {},
%  publisher    = {},
%  note         = {},
%}
%
%%%%% A report published by a school or other institution, usually numbered within a series.
%
%techreport{
%  % Required fields:
%  author      = {},
%  title       = {},
%  institution = {},
%  year        = {},
%  % Optional fields:
%  type        = {},
%  number      = {},
%  address     = {},
%  month       = {},
%  note        = {}
%}
%
%%%%% A document having an author and title, but not formally published.
%
%unpublished{
%  % Required fields:
%  author = {},
%  title  = {},
%  note   = {},
%  % Optional fields:
%  month  = {},
%  year   = {}
%}

%%%%%%%%%%%%%%%%%%%%%%%%%%%%%%%%%%%%%%%%%%%%%%%%%%%%%%%%%%
% References
%%%%%%%%%%%%%%%%%%%%%%%%%%%%%%%%%%%%%%%%%%%%%%%%%%%%%%%%%%

@inbook{thesis:introduction1,

  author   = {Zielinski, Kurt Geihs, Aleksander Laurentowski},
  title    = {New Developments in Distributed Applications and Interoperable Systems},
  pages     = {327},
  publisher = {Springer},
  year      = {2006}
}

@inbook{thesis:introduction2,

  author   = {Villari, Massimo},
  title    = {Achieving Federated and Self-Manageable Cloud Infrastructures: Theory and Practice: Theory and Practice},
  pages     = {58,91,119,269},
  publisher = {IGI Global},
  year      = {2012}
}

@inbook{thesis:introduction3,

  author   = {Robert Englander},
  title    = {Java and SOAP},
  pages     ={213},
  publisher = {O'Reilly Media, Inc.},
  year      = {2002}
}


@misc{thesis:state1,
  author = { },
  title = {{Definition of Interoperability}},
  howpublished = "\url{http://interoperability-definition.info/en/}",
  year = {2016},
  note = "[Online; accessed 24/05/2016]"
}
@inbook{thesis:state2,
author   = {Nikos Antonopoulos, Lee Gillam},
title    = {Cloud Computing: Principles, Systems and Applications},
pages     ={15},
publisher = {Springer Science, Business Media},
year      = {2010}
}

@inbook{thesis:state3,

  author    = {Nicolai M. Josuttis},
  title    = {SOA in Practice: The Art of Distributed System Design},
  pages     ={221},
  publisher = {O'Reilly Media, Inc},
  year      = {2007}

}
@inbook{thesis:state4,

  author    = {Deborah Nolan, Duncan Temple Lang},
  title    = {XML and Web Technologies for Data Sciences with R},
  pages     ={73},
  publisher = {Springer Science - Business Media},
  year      = {2013}

}

@inbook{thesis:state5,

  author    = {Mark D. Hansen},
  title    = {SOA Using Java Web Services},
  pages     ={34},
  publisher = {Pearson Education},
  year      = {2007}

}
@inbook{thesis:state5_1,
  author    = {Jim Webber, Savas Parastatidis, and Ian Robinson},
  title     = {REST in Practice: Hypermedia and Systems Architecture},
  pages     = {12},
  publisher = {O’Reilly Media},
  year      = {2010},
  edition   = {$1^{st}$},
  note      = {ISBN-13: 978-0596805821}
}
@inbook{thesis:state5_2,

  author    = {Jim Webber, Savas Parastatidis, and Ian Robinson},
  title     = {REST in Practice: Hypermedia and Systems Architecture},
  pages     = {5},
  publisher = {O’Reilly Media},
  year      = {2010},
  edition   = {$1^{st}$},
  note      = {ISBN-13: 978-0596805821}

}

@article{thesis:state5_3,

  author  = {Sherif Sakr},
  title   = {XML compression techniques: A survey and comparison},
  journal = {J Comput Syst Sci},
  pages     = {303-322},
  year    = {2008}

}

@article{thesis:state5_4,

  author  = {Sherif Sakr},
  title   = {Encoding and Compression for the Devices Profile for Web Services},
  journal = {Proc. 24th International Conf. on Advanced Information Networking and Applications Workshops},
  pages     = {514 - 519},
  year    = {2010}

}
@inbook{thesis:state6,

  author    = {Jose Delgado },
  title     = {Service Interoperability in the Internet of Things},
  pages     = {pp 51-87},
  publisher = {Springer Berlin Heidelberg},
  year      = {2013}

}
@misc{thesis:state7,
  author = { },
  title = {{WebSockets – A Quick Introduction and a Sample Application}},
  howpublished = "\url{https://blog.idrsolutions.com/2013/12/websockets-an-introduction/}",
  year = {2013},
  note = "[Online; accessed 24/05/2016]"
}

@misc{thesis:state8,
  author = {Andrew Binstock },
  title = {{After XML, JSON: Then What?}},
  howpublished = "\url{http://www.drdobbs.com/web-development/after-xml-json-then-what/240151851}",
  year = {2013},
  note = "[Online; accessed 24/05/2016]"
}

@misc{thesis:state9,
  author = {},
  title = {{Efficient XML Interchange Working Group}},
  howpublished = "\url{https://www.w3.org/XML/EXI/}",
  year = {2016},
  note = "[Online; accessed 24/05/2016]"
}

@misc{thesis:state10,
  author = {Ilya Grigorik},
  title = {{High Performance Browser Networking}},
  howpublished = "\url{http://chimera.labs.oreilly.com/books/1230000000545/ch12.html}",
  year = {2013},
  note = "[Online; accessed 24/05/2016]"
}

@misc{thesis:state11,
  author = {Allan Denis },
  title = {{Will WebSocket survive HTTP/2?}},
  howpublished = "\url{http://www.infoq.com/articles/websocket-and-http2-coexist}",
  year = {2016},
  note = "[Online; accessed 30/05/2016]"
}
@misc{thesis:arch1,
  author = { Zyp K, Court G},
  title = {{A JSON Media Type for Describing the Structure and Meaning of JSON Documents}},
  howpublished = "\url{http://tools.ietf.org/html/draft-zyp-json-schema-03}",
  year = {2011},
  note = "[Online; accessed 24/05/2016]"
}
@inbook{thesis:arch10,

  author    = {Ajay Vohra},
  title     = {Pro XML Development with Java Technology},
  pages     = {pp 78},
  publisher = {Apress},
  year      = {2007}

}

@inbook{thesis:arch20,

  author    = {Brian Benz, John R. Durant},
  title     = {XML Programming Bible},
  pages     = {pp 88},
  publisher = {John Wiley & Sons},
  year      = {2004}

}

%article{
%  % Required fields:
%  author  = {},
%  title   = {},
%  journal = {},
%  year    = {},
%  % Optional fields:
%  volume  = {},
%  number  = {},
%  pages   = {},
%  month   = {},
%  note    = {}
%}
@article{thesis:introduction200,

  author  = {Saurabh Kumar Garg and Rajkumar Buyya},
  title   = {NetworkCloudSim: Modelling Parallel Applications in Cloud Simulations},
  journal = {Fourth IEEE International Conference on Utility and Cloud Computing},
  year    = {2011}

}





@misc{binary:2016:Online,
  author = { },
  title = {{Serialization Performance comparison(XML,Binary,JSON,P...)}},
  howpublished = "\url{http://maxondev.com/serialization-performance-comparison-c-net-formats-frameworks-xmldatacontractserializer-xmlserializer-binaryformatter-json-newtonsoft-servicestack-text/}",
  year = {2016},
  note = "[Online; accessed 24/05/2016]"
}



@book{asn1:opt,
  author    = {Olivier.Dubuisson},
  title     = {Communication Between Heterogeneous Systems},
  publisher = {OSS Nokalva},
  year      = {2000},
  edition   = {$2^{nd}$},
  note      = {ISBN 978-3-642-38721-0}


}

@article{compliance:def,

  author  = {Natallia Kokash, Farhad Arbab },
  title   = {Formal Behavioral Modeling and Compliance Analysis for Service-Oriented Systems},
  journal = {Springer Berlin Heidelberg},
  year    = {2009},
  volume  = {3},
  number  = {9-10},
  pages   = {21-–41},
  month   = oct,
  note    = {doi:10.1007 978-3-642-04167-9 2}
}

@article{comformance:def2,
   author  = {Dae-Kyoo Kim, Wuwei Shen},
   title   = {An approach to evaluating structural pattern conformance of UML models},
   journal = {Conference: Proceedings of the 2007 ACM Symposium on Applied Computing (SAC), Seoul, Korea},
   year    = {2007},
   note    = {DOI: 10.1145 1244002.1244305 }
}
@book{Ontology:matching,
  author    = {Euzenat J, Shvaiko P},
  title     = {Ontology matching},
  publisher = {Berlin. Springer},
  year      = {2007},
  edition   = {$2^{nd}$},
  note      = {ISBN: 978-3-642-38720-3}
}

@article{expertsystems:x1,

  author  = {Jeong B, Lee D, Cho H, Lee J },
  title   = {A novel method for measuring semantic similarity for XML schema matching},
  journal = {Expert Syst with Appl},
  year    = {2008},
  volume  = {34},
  number  = {},
  pages   = {1651-–1658},
  month   = abr,
  note    = {doi:10.1016/j.eswa.2007.01.025}
}

@incollection{jameson:adjointns,
  author    = {Antony Jameson and Niles A. Pierce and Luigi Martinelli},
  title     = {Optimum Aerodynamic Design using the {Navier}--{S}tokes Equations},
  booktitle = {Theoretical and Computational Fluid Dynamics},
  publisher = {Springer-Verlag GmbH},
  year      = {1998},
  volume    = {10},
  pages     = {213--237},
  month     = jan
}
